%YAML 1.1
%TAG !u! tag:unity3d.com,2011:
--- !u!29 &1
OcclusionCullingSettings:
  m_ObjectHideFlags: 0
  serializedVersion: 2
  m_OcclusionBakeSettings:
    smallestOccluder: 5
    smallestHole: 0.25
    backfaceThreshold: 100
  m_SceneGUID: 00000000000000000000000000000000
  m_OcclusionCullingData: {fileID: 0}
--- !u!104 &2
RenderSettings:
  m_ObjectHideFlags: 0
  serializedVersion: 9
  m_Fog: 0
  m_FogColor: {r: 0.5, g: 0.5, b: 0.5, a: 1}
  m_FogMode: 3
  m_FogDensity: 0.01
  m_LinearFogStart: 0
  m_LinearFogEnd: 300
  m_AmbientSkyColor: {r: 0.212, g: 0.227, b: 0.259, a: 1}
  m_AmbientEquatorColor: {r: 0.114, g: 0.125, b: 0.133, a: 1}
  m_AmbientGroundColor: {r: 0.047, g: 0.043, b: 0.035, a: 1}
  m_AmbientIntensity: 1
  m_AmbientMode: 3
  m_SubtractiveShadowColor: {r: 0.42, g: 0.478, b: 0.627, a: 1}
  m_SkyboxMaterial: {fileID: 0}
  m_HaloStrength: 0.5
  m_FlareStrength: 1
  m_FlareFadeSpeed: 3
  m_HaloTexture: {fileID: 0}
  m_SpotCookie: {fileID: 10001, guid: 0000000000000000e000000000000000, type: 0}
  m_DefaultReflectionMode: 0
  m_DefaultReflectionResolution: 128
  m_ReflectionBounces: 1
  m_ReflectionIntensity: 1
  m_CustomReflection: {fileID: 0}
  m_Sun: {fileID: 0}
  m_IndirectSpecularColor: {r: 0, g: 0, b: 0, a: 1}
  m_UseRadianceAmbientProbe: 0
--- !u!157 &3
LightmapSettings:
  m_ObjectHideFlags: 0
  serializedVersion: 11
  m_GIWorkflowMode: 1
  m_GISettings:
    serializedVersion: 2
    m_BounceScale: 1
    m_IndirectOutputScale: 1
    m_AlbedoBoost: 1
    m_EnvironmentLightingMode: 0
    m_EnableBakedLightmaps: 0
    m_EnableRealtimeLightmaps: 0
  m_LightmapEditorSettings:
    serializedVersion: 10
    m_Resolution: 2
    m_BakeResolution: 40
    m_AtlasSize: 1024
    m_AO: 0
    m_AOMaxDistance: 1
    m_CompAOExponent: 1
    m_CompAOExponentDirect: 0
    m_Padding: 2
    m_LightmapParameters: {fileID: 0}
    m_LightmapsBakeMode: 1
    m_TextureCompression: 1
    m_FinalGather: 0
    m_FinalGatherFiltering: 1
    m_FinalGatherRayCount: 256
    m_ReflectionCompression: 2
    m_MixedBakeMode: 2
    m_BakeBackend: 1
    m_PVRSampling: 1
    m_PVRDirectSampleCount: 32
    m_PVRSampleCount: 500
    m_PVRBounces: 2
    m_PVRFilterTypeDirect: 0
    m_PVRFilterTypeIndirect: 0
    m_PVRFilterTypeAO: 0
    m_PVRFilteringMode: 1
    m_PVRCulling: 1
    m_PVRFilteringGaussRadiusDirect: 1
    m_PVRFilteringGaussRadiusIndirect: 5
    m_PVRFilteringGaussRadiusAO: 2
    m_PVRFilteringAtrousPositionSigmaDirect: 0.5
    m_PVRFilteringAtrousPositionSigmaIndirect: 2
    m_PVRFilteringAtrousPositionSigmaAO: 1
    m_ShowResolutionOverlay: 1
  m_LightingDataAsset: {fileID: 0}
  m_UseShadowmask: 1
--- !u!196 &4
NavMeshSettings:
  serializedVersion: 2
  m_ObjectHideFlags: 0
  m_BuildSettings:
    serializedVersion: 2
    agentTypeID: 0
    agentRadius: 0.5
    agentHeight: 2
    agentSlope: 45
    agentClimb: 0.4
    ledgeDropHeight: 0
    maxJumpAcrossDistance: 0
    minRegionArea: 2
    manualCellSize: 0
    cellSize: 0.16666667
    manualTileSize: 0
    tileSize: 256
    accuratePlacement: 0
    debug:
      m_Flags: 0
  m_NavMeshData: {fileID: 0}
--- !u!1001 &67765032
PrefabInstance:
  m_ObjectHideFlags: 0
  serializedVersion: 2
  m_Modification:
    m_TransformParent: {fileID: 0}
    m_Modifications:
    - target: {fileID: 8474776205067077702, guid: e0045d2991102674fa3d30340a031834,
        type: 3}
      propertyPath: m_LocalPosition.x
      value: 0
      objectReference: {fileID: 0}
    - target: {fileID: 8474776205067077702, guid: e0045d2991102674fa3d30340a031834,
        type: 3}
      propertyPath: m_LocalPosition.y
      value: 0
      objectReference: {fileID: 0}
    - target: {fileID: 8474776205067077702, guid: e0045d2991102674fa3d30340a031834,
        type: 3}
      propertyPath: m_LocalPosition.z
      value: -10
      objectReference: {fileID: 0}
    - target: {fileID: 8474776205067077702, guid: e0045d2991102674fa3d30340a031834,
        type: 3}
      propertyPath: m_LocalRotation.x
      value: 0
      objectReference: {fileID: 0}
    - target: {fileID: 8474776205067077702, guid: e0045d2991102674fa3d30340a031834,
        type: 3}
      propertyPath: m_LocalRotation.y
      value: 0
      objectReference: {fileID: 0}
    - target: {fileID: 8474776205067077702, guid: e0045d2991102674fa3d30340a031834,
        type: 3}
      propertyPath: m_LocalRotation.z
      value: 0
      objectReference: {fileID: 0}
    - target: {fileID: 8474776205067077702, guid: e0045d2991102674fa3d30340a031834,
        type: 3}
      propertyPath: m_LocalRotation.w
      value: 1
      objectReference: {fileID: 0}
    - target: {fileID: 8474776205067077702, guid: e0045d2991102674fa3d30340a031834,
        type: 3}
      propertyPath: m_RootOrder
      value: 0
      objectReference: {fileID: 0}
    - target: {fileID: 8474776205067077702, guid: e0045d2991102674fa3d30340a031834,
        type: 3}
      propertyPath: m_LocalEulerAnglesHint.x
      value: 0
      objectReference: {fileID: 0}
    - target: {fileID: 8474776205067077702, guid: e0045d2991102674fa3d30340a031834,
        type: 3}
      propertyPath: m_LocalEulerAnglesHint.y
      value: 0
      objectReference: {fileID: 0}
    - target: {fileID: 8474776205067077702, guid: e0045d2991102674fa3d30340a031834,
        type: 3}
      propertyPath: m_LocalEulerAnglesHint.z
      value: 0
      objectReference: {fileID: 0}
    - target: {fileID: 8474776205067077818, guid: e0045d2991102674fa3d30340a031834,
        type: 3}
      propertyPath: m_Name
      value: Main Camera
      objectReference: {fileID: 0}
    m_RemovedComponents: []
  m_SourcePrefab: {fileID: 100100000, guid: e0045d2991102674fa3d30340a031834, type: 3}
--- !u!1 &125712145 stripped
GameObject:
  m_CorrespondingSourceObject: {fileID: 1170925921453198980, guid: fb9750e8c20329a4e9467d4746f02645,
    type: 3}
  m_PrefabInstance: {fileID: 1125451103}
  m_PrefabAsset: {fileID: 0}
--- !u!114 &125712146
MonoBehaviour:
  m_ObjectHideFlags: 0
  m_CorrespondingSourceObject: {fileID: 0}
  m_PrefabInstance: {fileID: 0}
  m_PrefabAsset: {fileID: 0}
  m_GameObject: {fileID: 125712145}
  m_Enabled: 1
  m_EditorHideFlags: 0
  m_Script: {fileID: 11500000, guid: 7164656b042c09a448a0c6eaebe8296c, type: 3}
  m_Name: 
  m_EditorClassIdentifier: 
  backgroundScrollSpeed: 0.2
--- !u!1001 &241908437
PrefabInstance:
  m_ObjectHideFlags: 0
  serializedVersion: 2
  m_Modification:
    m_TransformParent: {fileID: 0}
    m_Modifications:
    - target: {fileID: 301474705665177002, guid: 07f3923fcc3d37c4da6943454a871e1d,
        type: 3}
      propertyPath: m_LocalPosition.x
      value: -0.09867516
      objectReference: {fileID: 0}
    - target: {fileID: 301474705665177002, guid: 07f3923fcc3d37c4da6943454a871e1d,
        type: 3}
      propertyPath: m_LocalPosition.y
      value: 19.9
      objectReference: {fileID: 0}
    - target: {fileID: 301474705665177002, guid: 07f3923fcc3d37c4da6943454a871e1d,
        type: 3}
      propertyPath: m_LocalPosition.z
      value: 0.017320411
      objectReference: {fileID: 0}
    - target: {fileID: 301474705665177002, guid: 07f3923fcc3d37c4da6943454a871e1d,
        type: 3}
      propertyPath: m_LocalRotation.x
      value: -0.009087427
      objectReference: {fileID: 0}
    - target: {fileID: 301474705665177002, guid: 07f3923fcc3d37c4da6943454a871e1d,
        type: 3}
      propertyPath: m_LocalRotation.y
      value: 0.7070531
      objectReference: {fileID: 0}
    - target: {fileID: 301474705665177002, guid: 07f3923fcc3d37c4da6943454a871e1d,
        type: 3}
      propertyPath: m_LocalRotation.z
      value: -0.70703876
      objectReference: {fileID: 0}
    - target: {fileID: 301474705665177002, guid: 07f3923fcc3d37c4da6943454a871e1d,
        type: 3}
      propertyPath: m_LocalRotation.w
      value: -0.009465662
      objectReference: {fileID: 0}
    - target: {fileID: 301474705665177002, guid: 07f3923fcc3d37c4da6943454a871e1d,
        type: 3}
      propertyPath: m_RootOrder
      value: 2
      objectReference: {fileID: 0}
    - target: {fileID: 301474705665177002, guid: 07f3923fcc3d37c4da6943454a871e1d,
        type: 3}
      propertyPath: m_LocalEulerAnglesHint.x
      value: -270.02
      objectReference: {fileID: 0}
    - target: {fileID: 301474705665177002, guid: 07f3923fcc3d37c4da6943454a871e1d,
        type: 3}
      propertyPath: m_LocalEulerAnglesHint.y
      value: 0
      objectReference: {fileID: 0}
    - target: {fileID: 301474705665177002, guid: 07f3923fcc3d37c4da6943454a871e1d,
        type: 3}
      propertyPath: m_LocalEulerAnglesHint.z
      value: 178.466
      objectReference: {fileID: 0}
    - target: {fileID: 301474705665177175, guid: 07f3923fcc3d37c4da6943454a871e1d,
        type: 3}
      propertyPath: m_Name
      value: Starfield Far
      objectReference: {fileID: 0}
    m_RemovedComponents: []
  m_SourcePrefab: {fileID: 100100000, guid: 07f3923fcc3d37c4da6943454a871e1d, type: 3}
--- !u!1 &631236348
GameObject:
  m_ObjectHideFlags: 0
  m_CorrespondingSourceObject: {fileID: 0}
  m_PrefabInstance: {fileID: 0}
  m_PrefabAsset: {fileID: 0}
  serializedVersion: 6
  m_Component:
  - component: {fileID: 631236351}
  - component: {fileID: 631236350}
  - component: {fileID: 631236349}
  m_Layer: 0
  m_Name: EventSystem
  m_TagString: Untagged
  m_Icon: {fileID: 0}
  m_NavMeshLayer: 0
  m_StaticEditorFlags: 0
  m_IsActive: 1
--- !u!114 &631236349
MonoBehaviour:
  m_ObjectHideFlags: 0
  m_CorrespondingSourceObject: {fileID: 0}
  m_PrefabInstance: {fileID: 0}
  m_PrefabAsset: {fileID: 0}
  m_GameObject: {fileID: 631236348}
  m_Enabled: 1
  m_EditorHideFlags: 0
  m_Script: {fileID: 1077351063, guid: f70555f144d8491a825f0804e09c671c, type: 3}
  m_Name: 
  m_EditorClassIdentifier: 
  m_HorizontalAxis: Horizontal
  m_VerticalAxis: Vertical
  m_SubmitButton: Submit
  m_CancelButton: Cancel
  m_InputActionsPerSecond: 10
  m_RepeatDelay: 0.5
  m_ForceModuleActive: 0
--- !u!114 &631236350
MonoBehaviour:
  m_ObjectHideFlags: 0
  m_CorrespondingSourceObject: {fileID: 0}
  m_PrefabInstance: {fileID: 0}
  m_PrefabAsset: {fileID: 0}
  m_GameObject: {fileID: 631236348}
  m_Enabled: 1
  m_EditorHideFlags: 0
  m_Script: {fileID: -619905303, guid: f70555f144d8491a825f0804e09c671c, type: 3}
  m_Name: 
  m_EditorClassIdentifier: 
  m_FirstSelected: {fileID: 0}
  m_sendNavigationEvents: 1
  m_DragThreshold: 10
--- !u!4 &631236351
Transform:
  m_ObjectHideFlags: 0
  m_CorrespondingSourceObject: {fileID: 0}
  m_PrefabInstance: {fileID: 0}
  m_PrefabAsset: {fileID: 0}
  m_GameObject: {fileID: 631236348}
  m_LocalRotation: {x: 0, y: 0, z: 0, w: 1}
  m_LocalPosition: {x: 0, y: 0, z: 0}
  m_LocalScale: {x: 1, y: 1, z: 1}
  m_Children: []
  m_Father: {fileID: 0}
  m_RootOrder: 6
  m_LocalEulerAnglesHint: {x: 0, y: 0, z: 0}
--- !u!1001 &766029805
PrefabInstance:
  m_ObjectHideFlags: 0
  serializedVersion: 2
  m_Modification:
    m_TransformParent: {fileID: 0}
    m_Modifications:
    - target: {fileID: 4229060708475565584, guid: f9562f336a18f59418ab286f9fdb82e8,
        type: 3}
      propertyPath: m_LocalPosition.x
      value: -0.09867516
      objectReference: {fileID: 0}
    - target: {fileID: 4229060708475565584, guid: f9562f336a18f59418ab286f9fdb82e8,
        type: 3}
      propertyPath: m_LocalPosition.y
      value: 19.9
      objectReference: {fileID: 0}
    - target: {fileID: 4229060708475565584, guid: f9562f336a18f59418ab286f9fdb82e8,
        type: 3}
      propertyPath: m_LocalPosition.z
      value: 0.017320411
      objectReference: {fileID: 0}
    - target: {fileID: 4229060708475565584, guid: f9562f336a18f59418ab286f9fdb82e8,
        type: 3}
      propertyPath: m_LocalRotation.x
      value: -0.009087427
      objectReference: {fileID: 0}
    - target: {fileID: 4229060708475565584, guid: f9562f336a18f59418ab286f9fdb82e8,
        type: 3}
      propertyPath: m_LocalRotation.y
      value: 0.7070531
      objectReference: {fileID: 0}
    - target: {fileID: 4229060708475565584, guid: f9562f336a18f59418ab286f9fdb82e8,
        type: 3}
      propertyPath: m_LocalRotation.z
      value: -0.70703876
      objectReference: {fileID: 0}
    - target: {fileID: 4229060708475565584, guid: f9562f336a18f59418ab286f9fdb82e8,
        type: 3}
      propertyPath: m_LocalRotation.w
      value: -0.009465662
      objectReference: {fileID: 0}
    - target: {fileID: 4229060708475565584, guid: f9562f336a18f59418ab286f9fdb82e8,
        type: 3}
      propertyPath: m_RootOrder
      value: 3
      objectReference: {fileID: 0}
    - target: {fileID: 4229060708475565584, guid: f9562f336a18f59418ab286f9fdb82e8,
        type: 3}
      propertyPath: m_LocalEulerAnglesHint.x
      value: -270.02
      objectReference: {fileID: 0}
    - target: {fileID: 4229060708475565584, guid: f9562f336a18f59418ab286f9fdb82e8,
        type: 3}
      propertyPath: m_LocalEulerAnglesHint.y
      value: 0
      objectReference: {fileID: 0}
    - target: {fileID: 4229060708475565584, guid: f9562f336a18f59418ab286f9fdb82e8,
        type: 3}
      propertyPath: m_LocalEulerAnglesHint.z
      value: 178.466
      objectReference: {fileID: 0}
    - target: {fileID: 4229060708475565589, guid: f9562f336a18f59418ab286f9fdb82e8,
        type: 3}
      propertyPath: m_Name
      value: Starfield Close
      objectReference: {fileID: 0}
    m_RemovedComponents: []
  m_SourcePrefab: {fileID: 100100000, guid: f9562f336a18f59418ab286f9fdb82e8, type: 3}
--- !u!1001 &1125451103
PrefabInstance:
  m_ObjectHideFlags: 0
  serializedVersion: 2
  m_Modification:
    m_TransformParent: {fileID: 0}
    m_Modifications:
    - target: {fileID: 1170925921453198980, guid: fb9750e8c20329a4e9467d4746f02645,
        type: 3}
      propertyPath: m_Name
      value: Background
      objectReference: {fileID: 0}
    - target: {fileID: 1170925921453198987, guid: fb9750e8c20329a4e9467d4746f02645,
        type: 3}
      propertyPath: m_LocalPosition.x
      value: -0.02
      objectReference: {fileID: 0}
    - target: {fileID: 1170925921453198987, guid: fb9750e8c20329a4e9467d4746f02645,
        type: 3}
      propertyPath: m_LocalPosition.y
      value: 3.96
      objectReference: {fileID: 0}
    - target: {fileID: 1170925921453198987, guid: fb9750e8c20329a4e9467d4746f02645,
        type: 3}
      propertyPath: m_LocalPosition.z
      value: -1
      objectReference: {fileID: 0}
    - target: {fileID: 1170925921453198987, guid: fb9750e8c20329a4e9467d4746f02645,
        type: 3}
      propertyPath: m_LocalRotation.x
      value: 0
      objectReference: {fileID: 0}
    - target: {fileID: 1170925921453198987, guid: fb9750e8c20329a4e9467d4746f02645,
        type: 3}
      propertyPath: m_LocalRotation.y
      value: 0
      objectReference: {fileID: 0}
    - target: {fileID: 1170925921453198987, guid: fb9750e8c20329a4e9467d4746f02645,
        type: 3}
      propertyPath: m_LocalRotation.z
      value: 0
      objectReference: {fileID: 0}
    - target: {fileID: 1170925921453198987, guid: fb9750e8c20329a4e9467d4746f02645,
        type: 3}
      propertyPath: m_LocalRotation.w
      value: 1
      objectReference: {fileID: 0}
    - target: {fileID: 1170925921453198987, guid: fb9750e8c20329a4e9467d4746f02645,
        type: 3}
      propertyPath: m_RootOrder
      value: 1
      objectReference: {fileID: 0}
    - target: {fileID: 1170925921453198987, guid: fb9750e8c20329a4e9467d4746f02645,
        type: 3}
      propertyPath: m_LocalEulerAnglesHint.x
      value: 0
      objectReference: {fileID: 0}
    - target: {fileID: 1170925921453198987, guid: fb9750e8c20329a4e9467d4746f02645,
        type: 3}
      propertyPath: m_LocalEulerAnglesHint.y
      value: 0
      objectReference: {fileID: 0}
    - target: {fileID: 1170925921453198987, guid: fb9750e8c20329a4e9467d4746f02645,
        type: 3}
      propertyPath: m_LocalEulerAnglesHint.z
      value: 0
      objectReference: {fileID: 0}
    m_RemovedComponents: []
  m_SourcePrefab: {fileID: 100100000, guid: fb9750e8c20329a4e9467d4746f02645, type: 3}
--- !u!1001 &1198759974
PrefabInstance:
  m_ObjectHideFlags: 0
  serializedVersion: 2
  m_Modification:
    m_TransformParent: {fileID: 0}
    m_Modifications:
    - target: {fileID: 2855952414414014147, guid: 7baacd5042aab0246b0a3594af0cab63,
        type: 3}
      propertyPath: m_LocalPosition.x
      value: 0
      objectReference: {fileID: 0}
    - target: {fileID: 2855952414414014147, guid: 7baacd5042aab0246b0a3594af0cab63,
        type: 3}
      propertyPath: m_LocalPosition.y
      value: 0
      objectReference: {fileID: 0}
    - target: {fileID: 2855952414414014147, guid: 7baacd5042aab0246b0a3594af0cab63,
        type: 3}
      propertyPath: m_LocalPosition.z
      value: 0
      objectReference: {fileID: 0}
    - target: {fileID: 2855952414414014147, guid: 7baacd5042aab0246b0a3594af0cab63,
        type: 3}
      propertyPath: m_LocalRotation.x
      value: 0
      objectReference: {fileID: 0}
    - target: {fileID: 2855952414414014147, guid: 7baacd5042aab0246b0a3594af0cab63,
        type: 3}
      propertyPath: m_LocalRotation.y
      value: 0
      objectReference: {fileID: 0}
    - target: {fileID: 2855952414414014147, guid: 7baacd5042aab0246b0a3594af0cab63,
        type: 3}
      propertyPath: m_LocalRotation.z
      value: 0
      objectReference: {fileID: 0}
    - target: {fileID: 2855952414414014147, guid: 7baacd5042aab0246b0a3594af0cab63,
        type: 3}
      propertyPath: m_LocalRotation.w
      value: 1
      objectReference: {fileID: 0}
    - target: {fileID: 2855952414414014147, guid: 7baacd5042aab0246b0a3594af0cab63,
        type: 3}
      propertyPath: m_RootOrder
      value: 7
      objectReference: {fileID: 0}
    - target: {fileID: 2855952414414014147, guid: 7baacd5042aab0246b0a3594af0cab63,
        type: 3}
      propertyPath: m_LocalEulerAnglesHint.x
      value: 0
      objectReference: {fileID: 0}
    - target: {fileID: 2855952414414014147, guid: 7baacd5042aab0246b0a3594af0cab63,
        type: 3}
      propertyPath: m_LocalEulerAnglesHint.y
      value: 0
      objectReference: {fileID: 0}
    - target: {fileID: 2855952414414014147, guid: 7baacd5042aab0246b0a3594af0cab63,
        type: 3}
      propertyPath: m_LocalEulerAnglesHint.z
      value: 0
      objectReference: {fileID: 0}
    - target: {fileID: 5950237849653610446, guid: 7baacd5042aab0246b0a3594af0cab63,
        type: 3}
      propertyPath: m_Name
      value: Music Player
      objectReference: {fileID: 0}
    m_RemovedComponents: []
  m_SourcePrefab: {fileID: 100100000, guid: 7baacd5042aab0246b0a3594af0cab63, type: 3}
--- !u!1001 &2027816418
PrefabInstance:
  m_ObjectHideFlags: 0
  serializedVersion: 2
  m_Modification:
    m_TransformParent: {fileID: 0}
    m_Modifications:
    - target: {fileID: 1365860255969094807, guid: d23618cf63319314189b296fb06deef3,
        type: 3}
      propertyPath: m_Name
      value: Level
      objectReference: {fileID: 0}
    - target: {fileID: 8902121234641230700, guid: d23618cf63319314189b296fb06deef3,
        type: 3}
      propertyPath: m_LocalPosition.x
      value: 0
      objectReference: {fileID: 0}
    - target: {fileID: 8902121234641230700, guid: d23618cf63319314189b296fb06deef3,
        type: 3}
      propertyPath: m_LocalPosition.y
      value: 0
      objectReference: {fileID: 0}
    - target: {fileID: 8902121234641230700, guid: d23618cf63319314189b296fb06deef3,
        type: 3}
      propertyPath: m_LocalPosition.z
      value: 0
      objectReference: {fileID: 0}
    - target: {fileID: 8902121234641230700, guid: d23618cf63319314189b296fb06deef3,
        type: 3}
      propertyPath: m_LocalRotation.x
      value: 0
      objectReference: {fileID: 0}
    - target: {fileID: 8902121234641230700, guid: d23618cf63319314189b296fb06deef3,
        type: 3}
      propertyPath: m_LocalRotation.y
      value: 0
      objectReference: {fileID: 0}
    - target: {fileID: 8902121234641230700, guid: d23618cf63319314189b296fb06deef3,
        type: 3}
      propertyPath: m_LocalRotation.z
      value: 0
      objectReference: {fileID: 0}
    - target: {fileID: 8902121234641230700, guid: d23618cf63319314189b296fb06deef3,
        type: 3}
      propertyPath: m_LocalRotation.w
      value: 1
      objectReference: {fileID: 0}
    - target: {fileID: 8902121234641230700, guid: d23618cf63319314189b296fb06deef3,
        type: 3}
      propertyPath: m_RootOrder
      value: 4
      objectReference: {fileID: 0}
    - target: {fileID: 8902121234641230700, guid: d23618cf63319314189b296fb06deef3,
        type: 3}
      propertyPath: m_LocalEulerAnglesHint.x
      value: 0
      objectReference: {fileID: 0}
    - target: {fileID: 8902121234641230700, guid: d23618cf63319314189b296fb06deef3,
        type: 3}
      propertyPath: m_LocalEulerAnglesHint.y
      value: 0
      objectReference: {fileID: 0}
    - target: {fileID: 8902121234641230700, guid: d23618cf63319314189b296fb06deef3,
        type: 3}
      propertyPath: m_LocalEulerAnglesHint.z
      value: 0
      objectReference: {fileID: 0}
    m_RemovedComponents: []
  m_SourcePrefab: {fileID: 100100000, guid: d23618cf63319314189b296fb06deef3, type: 3}
--- !u!114 &2027816419 stripped
MonoBehaviour:
  m_CorrespondingSourceObject: {fileID: 4942619625138618957, guid: d23618cf63319314189b296fb06deef3,
    type: 3}
  m_PrefabInstance: {fileID: 2027816418}
  m_PrefabAsset: {fileID: 0}
  m_GameObject: {fileID: 0}
  m_Enabled: 1
  m_EditorHideFlags: 0
  m_Script: {fileID: 11500000, guid: be252f722bfc8d14cb10f3b636891742, type: 3}
  m_Name: 
  m_EditorClassIdentifier: 
--- !u!1001 &597604824005971879
PrefabInstance:
  m_ObjectHideFlags: 0
  serializedVersion: 2
  m_Modification:
    m_TransformParent: {fileID: 0}
    m_Modifications:
    - target: {fileID: 336557282, guid: 109c14ab3b548344aa2047a4a0bf4e5e, type: 3}
      propertyPath: m_text
      value: Game Over
      objectReference: {fileID: 0}
    - target: {fileID: 336557282, guid: 109c14ab3b548344aa2047a4a0bf4e5e, type: 3}
      propertyPath: m_textInfo.characterCount
      value: 9
      objectReference: {fileID: 0}
    - target: {fileID: 336557282, guid: 109c14ab3b548344aa2047a4a0bf4e5e, type: 3}
      propertyPath: m_textInfo.spaceCount
      value: 1
      objectReference: {fileID: 0}
    - target: {fileID: 336557282, guid: 109c14ab3b548344aa2047a4a0bf4e5e, type: 3}
      propertyPath: m_textInfo.wordCount
      value: 2
      objectReference: {fileID: 0}
    - target: {fileID: 336557282, guid: 109c14ab3b548344aa2047a4a0bf4e5e, type: 3}
      propertyPath: m_textInfo.lineCount
      value: 1
      objectReference: {fileID: 0}
    - target: {fileID: 336557282, guid: 109c14ab3b548344aa2047a4a0bf4e5e, type: 3}
      propertyPath: m_fontColor.r
      value: 0.8980392
      objectReference: {fileID: 0}
    - target: {fileID: 336557282, guid: 109c14ab3b548344aa2047a4a0bf4e5e, type: 3}
      propertyPath: m_fontColor.g
      value: 0.46540612
      objectReference: {fileID: 0}
    - target: {fileID: 336557282, guid: 109c14ab3b548344aa2047a4a0bf4e5e, type: 3}
      propertyPath: m_fontColor.b
      value: 0.10588237
      objectReference: {fileID: 0}
    - target: {fileID: 336557282, guid: 109c14ab3b548344aa2047a4a0bf4e5e, type: 3}
      propertyPath: m_fontColor32.rgba
      value: 4279989989
      objectReference: {fileID: 0}
    - target: {fileID: 341769381, guid: 109c14ab3b548344aa2047a4a0bf4e5e, type: 3}
      propertyPath: m_Name
      value: Main Menu Button
      objectReference: {fileID: 0}
    - target: {fileID: 341769382, guid: 109c14ab3b548344aa2047a4a0bf4e5e, type: 3}
      propertyPath: m_AnchoredPosition.y
      value: -135
      objectReference: {fileID: 0}
    - target: {fileID: 341769382, guid: 109c14ab3b548344aa2047a4a0bf4e5e, type: 3}
      propertyPath: m_SizeDelta.y
      value: 138.7
      objectReference: {fileID: 0}
    - target: {fileID: 341769383, guid: 109c14ab3b548344aa2047a4a0bf4e5e, type: 3}
      propertyPath: m_OnClick.m_PersistentCalls.m_Calls.Array.data[0].m_Target
      value: 
      objectReference: {fileID: 2027816419}
    - target: {fileID: 341769383, guid: 109c14ab3b548344aa2047a4a0bf4e5e, type: 3}
      propertyPath: m_OnClick.m_PersistentCalls.m_Calls.Array.data[0].m_MethodName
      value: LoadStartMenu
      objectReference: {fileID: 0}
    - target: {fileID: 341769384, guid: 109c14ab3b548344aa2047a4a0bf4e5e, type: 3}
      propertyPath: m_text
      value: Main Menu
      objectReference: {fileID: 0}
    - target: {fileID: 341769384, guid: 109c14ab3b548344aa2047a4a0bf4e5e, type: 3}
      propertyPath: m_textInfo.characterCount
      value: 9
      objectReference: {fileID: 0}
    - target: {fileID: 341769384, guid: 109c14ab3b548344aa2047a4a0bf4e5e, type: 3}
      propertyPath: m_textInfo.spaceCount
      value: 1
      objectReference: {fileID: 0}
    - target: {fileID: 341769384, guid: 109c14ab3b548344aa2047a4a0bf4e5e, type: 3}
      propertyPath: m_textInfo.wordCount
      value: 2
      objectReference: {fileID: 0}
    - target: {fileID: 341769384, guid: 109c14ab3b548344aa2047a4a0bf4e5e, type: 3}
      propertyPath: m_fontColor.r
      value: 0.9622642
      objectReference: {fileID: 0}
    - target: {fileID: 341769384, guid: 109c14ab3b548344aa2047a4a0bf4e5e, type: 3}
      propertyPath: m_fontColor.g
      value: 0.92141336
      objectReference: {fileID: 0}
    - target: {fileID: 341769384, guid: 109c14ab3b548344aa2047a4a0bf4e5e, type: 3}
      propertyPath: m_fontColor.b
      value: 0.92141336
      objectReference: {fileID: 0}
    - target: {fileID: 341769384, guid: 109c14ab3b548344aa2047a4a0bf4e5e, type: 3}
      propertyPath: m_fontColor32.rgba
      value: 4293585653
      objectReference: {fileID: 0}
    - target: {fileID: 414854393, guid: 109c14ab3b548344aa2047a4a0bf4e5e, type: 3}
      propertyPath: m_Name
      value: Play Again Button
      objectReference: {fileID: 0}
    - target: {fileID: 414854394, guid: 109c14ab3b548344aa2047a4a0bf4e5e, type: 3}
      propertyPath: m_AnchoredPosition.x
      value: 22
      objectReference: {fileID: 0}
    - target: {fileID: 414854394, guid: 109c14ab3b548344aa2047a4a0bf4e5e, type: 3}
      propertyPath: m_SizeDelta.x
      value: 1036
      objectReference: {fileID: 0}
    - target: {fileID: 414854394, guid: 109c14ab3b548344aa2047a4a0bf4e5e, type: 3}
      propertyPath: m_LocalPosition.z
      value: 0
      objectReference: {fileID: 0}
    - target: {fileID: 414854394, guid: 109c14ab3b548344aa2047a4a0bf4e5e, type: 3}
      propertyPath: m_AnchoredPosition.y
      value: -7
      objectReference: {fileID: 0}
    - target: {fileID: 414854394, guid: 109c14ab3b548344aa2047a4a0bf4e5e, type: 3}
      propertyPath: m_LocalScale.z
      value: 1
      objectReference: {fileID: 0}
    - target: {fileID: 414854394, guid: 109c14ab3b548344aa2047a4a0bf4e5e, type: 3}
      propertyPath: m_SizeDelta.y
      value: 261
      objectReference: {fileID: 0}
    - target: {fileID: 414854395, guid: 109c14ab3b548344aa2047a4a0bf4e5e, type: 3}
      propertyPath: m_OnClick.m_PersistentCalls.m_Calls.Array.data[0].m_Target
      value: 
      objectReference: {fileID: 2027816419}
    - target: {fileID: 414854395, guid: 109c14ab3b548344aa2047a4a0bf4e5e, type: 3}
      propertyPath: m_OnClick.m_PersistentCalls.m_Calls.Array.data[0].m_MethodName
      value: LoadGame
      objectReference: {fileID: 0}
    - target: {fileID: 414854396, guid: 109c14ab3b548344aa2047a4a0bf4e5e, type: 3}
      propertyPath: m_text
      value: Play Again
      objectReference: {fileID: 0}
    - target: {fileID: 414854396, guid: 109c14ab3b548344aa2047a4a0bf4e5e, type: 3}
      propertyPath: m_textInfo.characterCount
      value: 10
      objectReference: {fileID: 0}
    - target: {fileID: 414854396, guid: 109c14ab3b548344aa2047a4a0bf4e5e, type: 3}
      propertyPath: m_textInfo.spaceCount
      value: 1
      objectReference: {fileID: 0}
    - target: {fileID: 414854396, guid: 109c14ab3b548344aa2047a4a0bf4e5e, type: 3}
      propertyPath: m_textInfo.wordCount
      value: 2
      objectReference: {fileID: 0}
    - target: {fileID: 414854396, guid: 109c14ab3b548344aa2047a4a0bf4e5e, type: 3}
      propertyPath: m_firstOverflowCharacterIndex
      value: 5
      objectReference: {fileID: 0}
    - target: {fileID: 414854396, guid: 109c14ab3b548344aa2047a4a0bf4e5e, type: 3}
      propertyPath: m_textInfo.lineCount
      value: 2
      objectReference: {fileID: 0}
    - target: {fileID: 414854396, guid: 109c14ab3b548344aa2047a4a0bf4e5e, type: 3}
      propertyPath: m_fontSize
      value: 130
      objectReference: {fileID: 0}
    - target: {fileID: 414854396, guid: 109c14ab3b548344aa2047a4a0bf4e5e, type: 3}
      propertyPath: m_fontSizeBase
      value: 130
      objectReference: {fileID: 0}
    - target: {fileID: 414854397, guid: 109c14ab3b548344aa2047a4a0bf4e5e, type: 3}
      propertyPath: m_CullTransparentMesh
      value: 0
      objectReference: {fileID: 0}
    - target: {fileID: 1202225976, guid: 109c14ab3b548344aa2047a4a0bf4e5e, type: 3}
      propertyPath: m_AnchoredPosition.y
      value: 359
      objectReference: {fileID: 0}
    - target: {fileID: 1202225977, guid: 109c14ab3b548344aa2047a4a0bf4e5e, type: 3}
      propertyPath: m_text
      value: Better Luck Next Time
      objectReference: {fileID: 0}
    - target: {fileID: 1202225977, guid: 109c14ab3b548344aa2047a4a0bf4e5e, type: 3}
      propertyPath: m_textInfo.characterCount
      value: 21
      objectReference: {fileID: 0}
    - target: {fileID: 1202225977, guid: 109c14ab3b548344aa2047a4a0bf4e5e, type: 3}
      propertyPath: m_textInfo.spaceCount
      value: 3
      objectReference: {fileID: 0}
    - target: {fileID: 1202225977, guid: 109c14ab3b548344aa2047a4a0bf4e5e, type: 3}
      propertyPath: m_textInfo.wordCount
      value: 4
      objectReference: {fileID: 0}
    - target: {fileID: 1202225977, guid: 109c14ab3b548344aa2047a4a0bf4e5e, type: 3}
      propertyPath: m_fontColor.r
      value: 0.8980392
      objectReference: {fileID: 0}
    - target: {fileID: 1202225977, guid: 109c14ab3b548344aa2047a4a0bf4e5e, type: 3}
      propertyPath: m_fontColor.g
      value: 0.8263053
      objectReference: {fileID: 0}
    - target: {fileID: 1202225977, guid: 109c14ab3b548344aa2047a4a0bf4e5e, type: 3}
      propertyPath: m_fontColor.b
      value: 0.10588237
      objectReference: {fileID: 0}
    - target: {fileID: 1202225977, guid: 109c14ab3b548344aa2047a4a0bf4e5e, type: 3}
      propertyPath: m_fontColor32.rgba
      value: 4280013541
      objectReference: {fileID: 0}
    - target: {fileID: 7864114150519280234, guid: 109c14ab3b548344aa2047a4a0bf4e5e,
        type: 3}
      propertyPath: m_Name
      value: Start Menu Canvas
      objectReference: {fileID: 0}
    - target: {fileID: 7864114150519280235, guid: 109c14ab3b548344aa2047a4a0bf4e5e,
        type: 3}
      propertyPath: m_IgnoreReversedGraphics
      value: 0
      objectReference: {fileID: 0}
    - target: {fileID: 7864114150519280238, guid: 109c14ab3b548344aa2047a4a0bf4e5e,
        type: 3}
      propertyPath: m_LocalPosition.x
      value: 0
      objectReference: {fileID: 0}
    - target: {fileID: 7864114150519280238, guid: 109c14ab3b548344aa2047a4a0bf4e5e,
        type: 3}
      propertyPath: m_LocalPosition.y
      value: 0
      objectReference: {fileID: 0}
    - target: {fileID: 7864114150519280238, guid: 109c14ab3b548344aa2047a4a0bf4e5e,
        type: 3}
      propertyPath: m_LocalPosition.z
      value: 0
      objectReference: {fileID: 0}
    - target: {fileID: 7864114150519280238, guid: 109c14ab3b548344aa2047a4a0bf4e5e,
        type: 3}
      propertyPath: m_LocalRotation.x
      value: 0
      objectReference: {fileID: 0}
    - target: {fileID: 7864114150519280238, guid: 109c14ab3b548344aa2047a4a0bf4e5e,
        type: 3}
      propertyPath: m_LocalRotation.y
      value: 0
      objectReference: {fileID: 0}
    - target: {fileID: 7864114150519280238, guid: 109c14ab3b548344aa2047a4a0bf4e5e,
        type: 3}
      propertyPath: m_LocalRotation.z
      value: 0
      objectReference: {fileID: 0}
    - target: {fileID: 7864114150519280238, guid: 109c14ab3b548344aa2047a4a0bf4e5e,
        type: 3}
      propertyPath: m_LocalRotation.w
      value: 1
      objectReference: {fileID: 0}
    - target: {fileID: 7864114150519280238, guid: 109c14ab3b548344aa2047a4a0bf4e5e,
        type: 3}
      propertyPath: m_RootOrder
      value: 5
      objectReference: {fileID: 0}
    - target: {fileID: 7864114150519280238, guid: 109c14ab3b548344aa2047a4a0bf4e5e,
        type: 3}
      propertyPath: m_LocalEulerAnglesHint.x
      value: 0
      objectReference: {fileID: 0}
    - target: {fileID: 7864114150519280238, guid: 109c14ab3b548344aa2047a4a0bf4e5e,
        type: 3}
      propertyPath: m_LocalEulerAnglesHint.y
      value: 0
      objectReference: {fileID: 0}
    - target: {fileID: 7864114150519280238, guid: 109c14ab3b548344aa2047a4a0bf4e5e,
        type: 3}
      propertyPath: m_LocalEulerAnglesHint.z
      value: 0
      objectReference: {fileID: 0}
    - target: {fileID: 7864114150519280238, guid: 109c14ab3b548344aa2047a4a0bf4e5e,
        type: 3}
      propertyPath: m_AnchoredPosition.x
      value: 0
      objectReference: {fileID: 0}
    - target: {fileID: 7864114150519280238, guid: 109c14ab3b548344aa2047a4a0bf4e5e,
        type: 3}
      propertyPath: m_AnchoredPosition.y
      value: 0
      objectReference: {fileID: 0}
    - target: {fileID: 7864114150519280238, guid: 109c14ab3b548344aa2047a4a0bf4e5e,
        type: 3}
      propertyPath: m_SizeDelta.x
      value: 0
      objectReference: {fileID: 0}
    - target: {fileID: 7864114150519280238, guid: 109c14ab3b548344aa2047a4a0bf4e5e,
        type: 3}
      propertyPath: m_SizeDelta.y
      value: 0
      objectReference: {fileID: 0}
    - target: {fileID: 7864114150519280238, guid: 109c14ab3b548344aa2047a4a0bf4e5e,
        type: 3}
      propertyPath: m_AnchorMin.x
      value: 0
      objectReference: {fileID: 0}
    - target: {fileID: 7864114150519280238, guid: 109c14ab3b548344aa2047a4a0bf4e5e,
        type: 3}
      propertyPath: m_AnchorMin.y
      value: 0
      objectReference: {fileID: 0}
    - target: {fileID: 7864114150519280238, guid: 109c14ab3b548344aa2047a4a0bf4e5e,
        type: 3}
      propertyPath: m_AnchorMax.x
      value: 0
      objectReference: {fileID: 0}
    - target: {fileID: 7864114150519280238, guid: 109c14ab3b548344aa2047a4a0bf4e5e,
        type: 3}
      propertyPath: m_AnchorMax.y
      value: 0
      objectReference: {fileID: 0}
    - target: {fileID: 7864114150519280238, guid: 109c14ab3b548344aa2047a4a0bf4e5e,
        type: 3}
      propertyPath: m_Pivot.x
      value: 0
      objectReference: {fileID: 0}
    - target: {fileID: 7864114150519280238, guid: 109c14ab3b548344aa2047a4a0bf4e5e,
        type: 3}
      propertyPath: m_Pivot.y
      value: 0
      objectReference: {fileID: 0}
    m_RemovedComponents: []
  m_SourcePrefab: {fileID: 100100000, guid: 109c14ab3b548344aa2047a4a0bf4e5e, type: 3}
--- !u!1001 &991125594627148829
PrefabInstance:
  m_ObjectHideFlags: 0
  serializedVersion: 2
  m_Modification:
    m_TransformParent: {fileID: 0}
    m_Modifications:
    - target: {fileID: 6671288350481960737, guid: 847bc767223af4b46916ed393fe8841a,
        type: 3}
      propertyPath: m_Name
      value: Score Canvas
      objectReference: {fileID: 0}
    - target: {fileID: 6671288350481960741, guid: 847bc767223af4b46916ed393fe8841a,
        type: 3}
      propertyPath: m_LocalPosition.x
      value: 0
      objectReference: {fileID: 0}
    - target: {fileID: 6671288350481960741, guid: 847bc767223af4b46916ed393fe8841a,
        type: 3}
      propertyPath: m_LocalPosition.y
      value: 0
      objectReference: {fileID: 0}
    - target: {fileID: 6671288350481960741, guid: 847bc767223af4b46916ed393fe8841a,
        type: 3}
      propertyPath: m_LocalPosition.z
      value: 0
      objectReference: {fileID: 0}
    - target: {fileID: 6671288350481960741, guid: 847bc767223af4b46916ed393fe8841a,
        type: 3}
      propertyPath: m_LocalRotation.x
      value: 0
      objectReference: {fileID: 0}
    - target: {fileID: 6671288350481960741, guid: 847bc767223af4b46916ed393fe8841a,
        type: 3}
      propertyPath: m_LocalRotation.y
      value: 0
      objectReference: {fileID: 0}
    - target: {fileID: 6671288350481960741, guid: 847bc767223af4b46916ed393fe8841a,
        type: 3}
      propertyPath: m_LocalRotation.z
      value: 0
      objectReference: {fileID: 0}
    - target: {fileID: 6671288350481960741, guid: 847bc767223af4b46916ed393fe8841a,
        type: 3}
      propertyPath: m_LocalRotation.w
      value: 1
      objectReference: {fileID: 0}
    - target: {fileID: 6671288350481960741, guid: 847bc767223af4b46916ed393fe8841a,
        type: 3}
      propertyPath: m_RootOrder
      value: 8
      objectReference: {fileID: 0}
    - target: {fileID: 6671288350481960741, guid: 847bc767223af4b46916ed393fe8841a,
        type: 3}
      propertyPath: m_LocalEulerAnglesHint.x
      value: 0
      objectReference: {fileID: 0}
    - target: {fileID: 6671288350481960741, guid: 847bc767223af4b46916ed393fe8841a,
        type: 3}
      propertyPath: m_LocalEulerAnglesHint.y
      value: 0
      objectReference: {fileID: 0}
    - target: {fileID: 6671288350481960741, guid: 847bc767223af4b46916ed393fe8841a,
        type: 3}
      propertyPath: m_LocalEulerAnglesHint.z
      value: 0
      objectReference: {fileID: 0}
    - target: {fileID: 6671288350481960741, guid: 847bc767223af4b46916ed393fe8841a,
        type: 3}
      propertyPath: m_AnchoredPosition.x
      value: 0
      objectReference: {fileID: 0}
    - target: {fileID: 6671288350481960741, guid: 847bc767223af4b46916ed393fe8841a,
        type: 3}
      propertyPath: m_AnchoredPosition.y
      value: 0
      objectReference: {fileID: 0}
    - target: {fileID: 6671288350481960741, guid: 847bc767223af4b46916ed393fe8841a,
        type: 3}
      propertyPath: m_SizeDelta.x
      value: 0
      objectReference: {fileID: 0}
    - target: {fileID: 6671288350481960741, guid: 847bc767223af4b46916ed393fe8841a,
        type: 3}
      propertyPath: m_SizeDelta.y
      value: 0
      objectReference: {fileID: 0}
    - target: {fileID: 6671288350481960741, guid: 847bc767223af4b46916ed393fe8841a,
        type: 3}
      propertyPath: m_AnchorMin.x
      value: 0
      objectReference: {fileID: 0}
    - target: {fileID: 6671288350481960741, guid: 847bc767223af4b46916ed393fe8841a,
        type: 3}
      propertyPath: m_AnchorMin.y
      value: 0
      objectReference: {fileID: 0}
    - target: {fileID: 6671288350481960741, guid: 847bc767223af4b46916ed393fe8841a,
        type: 3}
      propertyPath: m_AnchorMax.x
      value: 0
      objectReference: {fileID: 0}
    - target: {fileID: 6671288350481960741, guid: 847bc767223af4b46916ed393fe8841a,
        type: 3}
      propertyPath: m_AnchorMax.y
      value: 0
      objectReference: {fileID: 0}
    - target: {fileID: 6671288350481960741, guid: 847bc767223af4b46916ed393fe8841a,
        type: 3}
      propertyPath: m_Pivot.x
      value: 0
      objectReference: {fileID: 0}
    - target: {fileID: 6671288350481960741, guid: 847bc767223af4b46916ed393fe8841a,
        type: 3}
      propertyPath: m_Pivot.y
      value: 0
      objectReference: {fileID: 0}
    m_RemovedComponents: []
  m_SourcePrefab: {fileID: 100100000, guid: 847bc767223af4b46916ed393fe8841a, type: 3}
